<record><leader>00000cas a22000007a 4500</leader><controlfield tag="001">1536937</controlfield><controlfield tag="008">750812d19231960mnuwr ne      0    0eng d</controlfield><datafield ind1=" " ind2=" " tag="010"><subfield code="a">sn 89064885 </subfield></datafield><datafield ind1=" " ind2=" " tag="040"><subfield code="a">MUL</subfield><subfield code="b">eng</subfield><subfield code="c">MUL</subfield><subfield code="d">OCL</subfield><subfield code="d">MN#</subfield><subfield code="d">OCLCQ</subfield><subfield code="d">OCLCF</subfield><subfield code="d">OCLCO</subfield></datafield><datafield ind1=" " ind2=" " tag="042"><subfield code="a">msc</subfield></datafield><datafield ind1=" " ind2=" " tag="043"><subfield code="a">n-us-mn</subfield></datafield><datafield ind1=" " ind2=" " tag="052"><subfield code="a">4144</subfield><subfield code="b">B66</subfield></datafield><datafield ind1=" " ind2=" " tag="052"><subfield code="a">4143</subfield><subfield code="b">I8</subfield></datafield><datafield ind1="0" ind2="4" tag="245"><subfield code="a">The Bovey press.</subfield></datafield><datafield ind1=" " ind2=" " tag="260"><subfield code="a">Bovey, Itasca County, Minn. :</subfield><subfield code="b">Horace S. Barnes,</subfield><subfield code="c">-1960.</subfield></datafield><datafield ind1=" " ind2=" " tag="300"><subfield code="a">v.</subfield></datafield><datafield ind1=" " ind2=" " tag="310"><subfield code="a">Weekly</subfield></datafield><datafield ind1="1" ind2=" " tag="362"><subfield code="a">Began in 1923.</subfield></datafield><datafield ind1="0" ind2=" " tag="362"><subfield code="a">-v. 37, no. 4 (Jan. 1, 1960).</subfield></datafield><datafield ind1=" " ind2=" " tag="530"><subfield code="a">Available on microfilm from the Minnesota Historical Society.</subfield></datafield><datafield ind1=" " ind2=" " tag="588"><subfield code="a">Description based on: Vol. 18, no. 3 (Jan. 3, 1941).</subfield></datafield><datafield ind1=" " ind2="0" tag="651"><subfield code="a">Bovey (Minn.)</subfield><subfield code="v">Newspapers.</subfield></datafield><datafield ind1=" " ind2="7" tag="655"><subfield code="a">Newspapers.</subfield><subfield code="2">fast</subfield><subfield code="0">(OCoLC)fst01423814</subfield></datafield><datafield ind1=" " ind2="7" tag="651"><subfield code="a">Minnesota</subfield><subfield code="z">Bovey.</subfield><subfield code="2">fast</subfield><subfield code="0">(OCoLC)fst01249686</subfield></datafield><datafield ind1=" " ind2=" " tag="752"><subfield code="a">United States</subfield><subfield code="b">Minnesota</subfield><subfield code="c">Itasca</subfield><subfield code="d">Bovey.</subfield></datafield><datafield ind1="0" ind2="7" tag="785"><subfield code="t">Itasca iron news</subfield><subfield code="w">(DLC)sn 89064884</subfield></datafield><datafield ind1="0" ind2="7" tag="785"><subfield code="t">Scenic Range news</subfield><subfield code="w">(DLC)sn 89064887</subfield></datafield></record>